@article{scikit-learn,
  title   = {Scikit-learn: Machine Learning in {P}ython},
  author  = {Pedregosa, F. and Varoquaux, G. and Gramfort, A. and Michel, V.
             and Thirion, B. and Grisel, O. and Blondel, M. and Prettenhofer, P.
             and Weiss, R. and Dubourg, V. and Vanderplas, J. and Passos, A. and
             Cournapeau, D. and Brucher, M. and Perrot, M. and Duchesnay, E.},
  journal = {Journal of Machine Learning Research},
  volume  = {12},
  pages   = {2825--2830},
  year    = {2011}
}

@incollection{el2015machine,
  title     = {What is machine learning?},
  author    = {El Naqa, Issam and Murphy, Martin J},
  booktitle = {machine learning in radiation oncology},
  pages     = {3--11},
  year      = {2015},
  publisher = {Springer}
}

@book{draper1998applied,
  title     = {Applied regression analysis},
  author    = {Draper, Norman R and Smith, Harry},
  volume    = {326},
  year      = {1998},
  publisher = {John Wiley \& Sons}
}